@article{jain2012assessing,
  title={Assessing eco-feedback interface usage and design to drive energy efficiency in buildings},
  author={Jain, Rishee K and Taylor, John E and Peschiera, Gabriel},
  journal={Energy and buildings},
  volume={48},
  pages={8--17},
  year={2012},
  publisher={Elsevier}
}
@article{karjalainen2011consumer,
  title={Consumer preferences for feedback on household electricity consumption},
  author={Karjalainen, Sami},
  journal={Energy and Buildings},
  volume={43},
  number={2},
  pages={458--467},
  year={2011},
  publisher={Elsevier}
}
@inproceedings{erickson2013dubuque,
  title={The dubuque electricity portal: evaluation of a city-scale residential electricity consumption feedback system},
  author={Erickson, Thomas and Li, Ming and Kim, Younghun and Deshpande, Ajay and Sahu, Sambit and Chao, Tian and Sukaviriya, Piyawadee and Naphade, Milind},
  booktitle={Proceedings of the SIGCHI Conference on Human Factors in Computing Systems},
  pages={1203--1212},
  year={2013},
  organization={ACM}
}
@article{spagnolli2011eco,
  title={Eco-feedback on the go: Motivating energy awareness},
  author={Spagnolli, Anna and Corradi, Nicola and Gamberini, Luciano and Hoggan, Eve and Jacucci, Giulio and Katzeff, Cecilia and Broms, Loove and J{\"o}nsson, Li},
  journal={Computer},
  volume={44},
  number={5},
  pages={38--45},
  year={2011},
  publisher={Institute of Electrical and Electronics Engineers, Inc., 3 Park Avenue, 17 th Fl New York NY 10016-5997 USA}
}
Next three are from references jain2012assessing
@article{peschiera2010response,
  title={Response--relapse patterns of building occupant electricity consumption following exposure to personal, contextualized and occupant peer network utilization data},
  author={Peschiera, Gabriel and Taylor, John E and Siegel, Jeffrey A},
  journal={Energy and Buildings},
  volume={42},
  number={8},
  pages={1329--1336},
  year={2010},
  publisher={Elsevier}
}
@article{siero1996changing,
  title={Changing organizational energy consumption behaviour through comparative feedback},
  author={Siero, Frans W and Bakker, Arnold B and Dekker, Gerda B and Van Den Burg, Marcel TC},
  journal={Journal of environmental psychology},
  volume={16},
  number={3},
  pages={235--246},
  year={1996},
  publisher={Elsevier}
}
@article{iyer2006comparison,
  title={Comparison groups on bills: Automated, personalized energy information},
  author={Iyer, Maithili and Kempton, Willett and Payne, Christopher},
  journal={Energy and Buildings},
  volume={38},
  number={8},
  pages={988--996},
  year={2006},
  publisher={Elsevier}
}

@ARTICLE{bartram2015design,
author={L. Bartram},
journal={IEEE Computer Graphics and Applications},
title={Design Challenges and Opportunities for Eco-Feedback in the Home},
year={2015},
volume={35},
number={4},
pages={52-62},
keywords={air pollution;building management systems;data visualisation;electrical engineering computing;energy conservation;data models;domestic energy conservation;eco-feedback;energy demand reduction;functional aesthetics;greenhouse gas emissions;home energy;personal visualization;residential energy informatics;residential energy visualizations;Analytical models;Biomedical monitoring;Context modeling;Data visualization;Energy conservation;Mobile communication;Psychology;Visual analytics;ambient visualizations;computer graphics;energy conservation;energy visualizations;functional aesthetics;in-home displays;personal visualization},
doi={10.1109/MCG.2015.69},
ISSN={0272-1716},
month={July},}
@article{petersen2007dormitory,
  title={Dormitory residents reduce electricity consumption when exposed to real-time visual feedback and incentives},
  author={Petersen, John E and Shunturov, Vladislav and Janda, Kathryn and Platt, Gavin and Weinberger, Kate},
  journal={International Journal of Sustainability in Higher Education},
  volume={8},
  number={1},
  pages={16--33},
  year={2007},
  publisher={Emerald Group Publishing Limited}
}



